<mx:record xmlns:v="http://viaf.org/viaf/terms#" xmlns:srw="http://www.loc.gov/zing/srw/" xmlns:mx="http://www.loc.gov/MARC21/slim"><mx:leader>00000cz##a22.....n..4500</mx:leader><mx:controlfield tag="001">viaf47559379</mx:controlfield><mx:controlfield tag="003">OCoLC</mx:controlfield><mx:controlfield tag="008">101116n||azznnabbn##########|a#aaa####|#</mx:controlfield><mx:datafield ind2=" " ind1="7" tag="024"><mx:subfield code="a">http://viaf.org/viaf/47559379</mx:subfield><mx:subfield code="2">uri</mx:subfield></mx:datafield><mx:datafield ind2=" " ind1=" " tag="040"><mx:subfield code="a">VIAF</mx:subfield><mx:subfield code="c">VIAF</mx:subfield></mx:datafield><mx:datafield tag="700" ind2=" " ind1="1"><mx:subfield code="a">Pacatus Drepanius, Latinus</mx:subfield><mx:subfield code="0">(RERO)vtls000126965</mx:subfield></mx:datafield><mx:datafield tag="700" ind2=" " ind1="1"><mx:subfield code="a">Pacatus Drepanius, Latinus</mx:subfield><mx:subfield code="d">fl.um 395 n. Chr.</mx:subfield><mx:subfield code="0">(DNB)118865234</mx:subfield></mx:datafield><mx:datafield tag="700" ind2=" " ind1="1"><mx:subfield code="a">Drepanius, Latinus Pacatus,</mx:subfield><mx:subfield code="d">sec. IV</mx:subfield><mx:subfield code="0">(BAV)ADV11053301</mx:subfield></mx:datafield><mx:datafield tag="100" ind2=" " ind1="1"><mx:subfield code="a">Pacatus Drepanius, Latinus,</mx:subfield><mx:subfield code="d">4th cent.</mx:subfield><mx:subfield code="0">(LC)n  88049138</mx:subfield></mx:datafield><mx:datafield tag="700" ind2=" " ind1="1"><mx:subfield code="a">Pacatus Drepanius, Latinus,</mx:subfield><mx:subfield code="d">300-t.</mx:subfield><mx:subfield code="0">(SELIBR)252645</mx:subfield></mx:datafield><mx:datafield tag="700" ind2="0" ind1="1"><mx:subfield code="a">Pacatus Drepanius, Latinus</mx:subfield><mx:subfield code="0">(BNE)XX820187</mx:subfield></mx:datafield><mx:datafield ind2=" " ind1=" " tag="375"><mx:subfield code="a">unknown</mx:subfield><mx:subfield code="2">0</mx:subfield></mx:datafield><mx:datafield tag="400" ind2=" " ind1="1"><mx:subfield code="a">Drepanius, Latinus P.</mx:subfield><mx:subfield code="d">fl.um 395 n. Chr.</mx:subfield><mx:subfield code="2">DNB</mx:subfield></mx:datafield><mx:datafield tag="400" ind2=" " ind1="1"><mx:subfield code="a">Drepanius, Latinus Pacatus</mx:subfield><mx:subfield code="2">RERO</mx:subfield></mx:datafield><mx:datafield tag="400" ind2=" " ind1="0"><mx:subfield code="a">Latinius Drepanius</mx:subfield><mx:subfield code="c">Pacatus</mx:subfield><mx:subfield code="d">fl.um 395 n. Chr.</mx:subfield><mx:subfield code="2">DNB</mx:subfield></mx:datafield><mx:datafield tag="400" ind2=" " ind1="0"><mx:subfield code="a">Latinius Pacatus</mx:subfield><mx:subfield code="c">Drepanius</mx:subfield><mx:subfield code="d">fl.um 395 n. Chr.</mx:subfield><mx:subfield code="2">DNB</mx:subfield></mx:datafield><mx:datafield tag="400" ind2=" " ind1="0"><mx:subfield code="a">Latinus Pacatus</mx:subfield><mx:subfield code="2">RERO</mx:subfield></mx:datafield><mx:datafield tag="400" ind2=" " ind1="0"><mx:subfield code="a">Latinus Pacatus Drepanius</mx:subfield><mx:subfield code="d">fl.um 395 n. Chr.</mx:subfield><mx:subfield code="2">DNB</mx:subfield></mx:datafield><mx:datafield tag="400" ind2="0" ind1="1"><mx:subfield code="a">Pacatus</mx:subfield><mx:subfield code="2">BNE</mx:subfield></mx:datafield><mx:datafield tag="400" ind2=" " ind1="0"><mx:subfield code="a">Pacatus Drepanius Latinus</mx:subfield><mx:subfield code="d">fl.um 395 n. Chr.</mx:subfield><mx:subfield code="2">DNB</mx:subfield></mx:datafield><mx:datafield tag="400" ind2=" " ind1="1"><mx:subfield code="a">Pacatus Drepanius, Latinius</mx:subfield><mx:subfield code="d">fl.um 395 n. Chr.</mx:subfield><mx:subfield code="2">DNB</mx:subfield></mx:datafield><mx:datafield tag="400" ind2=" " ind1="0"><mx:subfield code="a">Pacatus rhetor</mx:subfield><mx:subfield code="2">BAV</mx:subfield></mx:datafield><mx:datafield tag="400" ind2=" " ind1="1"><mx:subfield code="a">Pacatus, Latinus Drepanius,</mx:subfield><mx:subfield code="d">4th cent.</mx:subfield><mx:subfield code="2">LC</mx:subfield></mx:datafield><mx:datafield tag="400" ind2=" " ind1="1"><mx:subfield code="a">Pacatus, Latinus</mx:subfield><mx:subfield code="d">fl.um 395 n. Chr.</mx:subfield><mx:subfield code="2">DNB</mx:subfield></mx:datafield><mx:datafield tag="400" ind2=" " ind1="0"><mx:subfield code="a">Pacatus</mx:subfield><mx:subfield code="c">Aquitanus</mx:subfield><mx:subfield code="d">fl.um 395 n. Chr.</mx:subfield><mx:subfield code="2">DNB</mx:subfield></mx:datafield><mx:datafield tag="400" ind2=" " ind1="0"><mx:subfield code="a">Pacatus</mx:subfield><mx:subfield code="c">Burdigalensis</mx:subfield><mx:subfield code="d">fl.um 395 n. Chr.</mx:subfield><mx:subfield code="2">DNB</mx:subfield></mx:datafield><mx:datafield tag="400" ind2=" " ind1="0"><mx:subfield code="a">Pacatus</mx:subfield><mx:subfield code="c">Gallus</mx:subfield><mx:subfield code="d">fl.um 395 n. Chr.</mx:subfield><mx:subfield code="2">DNB</mx:subfield></mx:datafield><mx:datafield tag="400" ind2=" " ind1="0"><mx:subfield code="a">Pacatus</mx:subfield><mx:subfield code="c">Latinus</mx:subfield><mx:subfield code="d">fl.um 395 n. Chr.</mx:subfield><mx:subfield code="2">DNB</mx:subfield></mx:datafield><mx:datafield tag="400" ind2=" " ind1="0"><mx:subfield code="a">Pacatus</mx:subfield><mx:subfield code="c">Panegyrist</mx:subfield><mx:subfield code="d">fl.um 395 n. Chr.</mx:subfield><mx:subfield code="2">DNB</mx:subfield></mx:datafield><mx:datafield tag="400" ind2=" " ind1="0"><mx:subfield code="a">Pacatus</mx:subfield><mx:subfield code="c">Rhetor</mx:subfield><mx:subfield code="d">fl.um 395 n. Chr.</mx:subfield><mx:subfield code="2">DNB</mx:subfield></mx:datafield><mx:datafield tag="400" ind2=" " ind1="0"><mx:subfield code="a">Pacatus</mx:subfield><mx:subfield code="d">fl.um 395 n. Chr.</mx:subfield><mx:subfield code="2">DNB</mx:subfield></mx:datafield><mx:datafield tag="950" ind2=" " ind1=" "><mx:subfield code="a">Schefferus, Johannes, 1621-1679.</mx:subfield><mx:subfield code="9">2</mx:subfield><mx:subfield code="2">SELIBR</mx:subfield></mx:datafield><mx:datafield tag="950" ind2=" " ind1=" "><mx:subfield code="a">Nixon, C.E.V</mx:subfield><mx:subfield code="9">2</mx:subfield><mx:subfield code="2">RERO</mx:subfield><mx:subfield code="2">BNE</mx:subfield></mx:datafield><mx:datafield tag="950" ind2=" " ind1=" "><mx:subfield code="a">Mamertinus, Claudius, L'aîné</mx:subfield><mx:subfield code="9">2</mx:subfield><mx:subfield code="2">RERO</mx:subfield></mx:datafield><mx:datafield tag="950" ind2=" " ind1=" "><mx:subfield code="a">plinius caecilius secundus gaius</mx:subfield><mx:subfield code="9">1</mx:subfield><mx:subfield code="2">DNB</mx:subfield></mx:datafield><mx:datafield tag="950" ind2=" " ind1=" "><mx:subfield code="a">Trajanus, empereur de Rome</mx:subfield><mx:subfield code="9">1</mx:subfield><mx:subfield code="2">RERO</mx:subfield></mx:datafield><mx:datafield tag="950" ind2=" " ind1=" "><mx:subfield code="a">Plinius Caecilius Secundus, Caius</mx:subfield><mx:subfield code="9">1</mx:subfield><mx:subfield code="2">RERO</mx:subfield></mx:datafield><mx:datafield tag="950" ind2=" " ind1=" "><mx:subfield code="a">Nazarius, Rhéteur</mx:subfield><mx:subfield code="9">1</mx:subfield><mx:subfield code="2">RERO</mx:subfield></mx:datafield><mx:datafield tag="950" ind2=" " ind1=" "><mx:subfield code="a">Janssonius.</mx:subfield><mx:subfield code="9">1</mx:subfield><mx:subfield code="2">SELIBR</mx:subfield></mx:datafield><mx:datafield tag="950" ind2=" " ind1=" "><mx:subfield code="a">Eumenius</mx:subfield><mx:subfield code="9">1</mx:subfield><mx:subfield code="2">RERO</mx:subfield></mx:datafield><mx:datafield tag="950" ind2=" " ind1=" "><mx:subfield code="a">Estienne, Henri II</mx:subfield><mx:subfield code="9">1</mx:subfield><mx:subfield code="2">RERO</mx:subfield></mx:datafield><mx:datafield tag="950" ind2=" " ind1=" "><mx:subfield code="a">Cattaneo, Giovanni Maria</mx:subfield><mx:subfield code="9">1</mx:subfield><mx:subfield code="2">RERO</mx:subfield></mx:datafield><mx:datafield tag="901" ind2=" " ind1=" "><mx:subfield code="a">9780853230762</mx:subfield><mx:subfield code="9">3</mx:subfield><mx:subfield code="2">RERO</mx:subfield><mx:subfield code="2">LC</mx:subfield><mx:subfield code="2">BNE</mx:subfield></mx:datafield><mx:datafield tag="910" ind2=" " ind1=" "><mx:subfield code="a">Panegyric to the Emperor Theodosius</mx:subfield><mx:subfield code="9">4</mx:subfield><mx:subfield code="2">RERO</mx:subfield><mx:subfield code="2">LC</mx:subfield><mx:subfield code="2">BNE</mx:subfield></mx:datafield><mx:datafield tag="910" ind2=" " ind1=" "><mx:subfield code="a">Panegyricus</mx:subfield><mx:subfield code="9">3</mx:subfield><mx:subfield code="2">BNE</mx:subfield><mx:subfield code="2">DNB</mx:subfield></mx:datafield><mx:datafield tag="910" ind2=" " ind1=" "><mx:subfield code="a">plinii pacati mamertini nazarii panegyrici</mx:subfield><mx:subfield code="9">1</mx:subfield><mx:subfield code="2">DNB</mx:subfield></mx:datafield><mx:datafield tag="910" ind2=" " ind1=" "><mx:subfield code="a">plinii pacati mamertini nazarii et aliorum panegyri</mx:subfield><mx:subfield code="9">1</mx:subfield><mx:subfield code="2">DNB</mx:subfield></mx:datafield><mx:datafield tag="910" ind2=" " ind1=" "><mx:subfield code="a">plinii pacati mamertini nazarii claudiani pane</mx:subfield><mx:subfield code="9">1</mx:subfield><mx:subfield code="2">DNB</mx:subfield></mx:datafield><mx:datafield tag="910" ind2=" " ind1=" "><mx:subfield code="a">panegyricus theodosio augusto dictus s a</mx:subfield><mx:subfield code="9">1</mx:subfield><mx:subfield code="2">DNB</mx:subfield></mx:datafield><mx:datafield tag="910" ind2=" " ind1=" "><mx:subfield code="a">panegyrici xii imperatoribus dicti cum variis lection</mx:subfield><mx:subfield code="9">1</mx:subfield><mx:subfield code="2">DNB</mx:subfield></mx:datafield><mx:datafield tag="910" ind2=" " ind1=" "><mx:subfield code="a">panegyrici xii imperatoribus dicti a plinio eumenio</mx:subfield><mx:subfield code="9">1</mx:subfield><mx:subfield code="2">DNB</mx:subfield></mx:datafield><mx:datafield tag="910" ind2=" " ind1=" "><mx:subfield code="a">panegyrici</mx:subfield><mx:subfield code="9">1</mx:subfield><mx:subfield code="2">DNB</mx:subfield></mx:datafield><mx:datafield tag="910" ind2=" " ind1=" "><mx:subfield code="a">Panegyricus Theodosio Augusto dictus.</mx:subfield><mx:subfield code="9">1</mx:subfield><mx:subfield code="2">LC</mx:subfield></mx:datafield><mx:datafield tag="910" ind2=" " ind1=" "><mx:subfield code="a">Latini Pacati Drepanii Panegyricus</mx:subfield><mx:subfield code="9">1</mx:subfield><mx:subfield code="2">BAV</mx:subfield></mx:datafield><mx:datafield tag="910" ind2=" " ind1=" "><mx:subfield code="a">Latini Drepanii Pacati Panegyricus Theodosio Augusto dictus. : Cum notis philologicis, politicisque adcurante</mx:subfield><mx:subfield code="9">1</mx:subfield><mx:subfield code="2">SELIBR</mx:subfield></mx:datafield><mx:datafield tag="910" ind2=" " ind1=" "><mx:subfield code="a">Latini Drepanii Pacati Panegyricus Theodosio Augusto dictus.</mx:subfield><mx:subfield code="9">1</mx:subfield><mx:subfield code="2">SELIBR</mx:subfield></mx:datafield><mx:datafield tag="910" ind2=" " ind1=" "><mx:subfield code="a">Latini Drepani Pacati Panegyricus Theodosio Augusto dictus</mx:subfield><mx:subfield code="9">1</mx:subfield><mx:subfield code="2">BAV</mx:subfield></mx:datafield><mx:datafield tag="910" ind2=" " ind1=" "><mx:subfield code="a">C. Plin. Secundi Epist. libri IX ; ejusdem et Trajani imp. amoebaeae epist. ; ejusdem Plinii Panegyricus Trajano dictus. Panegyrici alii, aliis impp. dicti</mx:subfield><mx:subfield code="9">1</mx:subfield><mx:subfield code="2">RERO</mx:subfield></mx:datafield><mx:datafield tag="921" ind2=" " ind1=" "><mx:subfield code="a">Liverpool University Press ;</mx:subfield><mx:subfield code="9">3</mx:subfield><mx:subfield code="2">RERO</mx:subfield><mx:subfield code="2">LC</mx:subfield><mx:subfield code="2">BNE</mx:subfield></mx:datafield><mx:datafield tag="921" ind2=" " ind1=" "><mx:subfield code="a">apud Viduam et Filium S. Schouten</mx:subfield><mx:subfield code="9">2</mx:subfield><mx:subfield code="2">BAV</mx:subfield><mx:subfield code="2">BNE</mx:subfield></mx:datafield><mx:datafield tag="921" ind2=" " ind1=" "><mx:subfield code="a">[Henri Estienne]</mx:subfield><mx:subfield code="9">1</mx:subfield><mx:subfield code="2">RERO</mx:subfield></mx:datafield><mx:datafield tag="921" ind2=" " ind1=" "><mx:subfield code="a">excudit Henricus Curio</mx:subfield><mx:subfield code="9">1</mx:subfield><mx:subfield code="2">BAV</mx:subfield></mx:datafield><mx:datafield tag="921" ind2=" " ind1=" "><mx:subfield code="a">Apud Vielnam &amp; Filium S. Schonten, Bibliopolas</mx:subfield><mx:subfield code="9">1</mx:subfield><mx:subfield code="2">BNE</mx:subfield></mx:datafield><mx:datafield tag="922" ind2=" " ind1=" "><mx:subfield code="a">GB</mx:subfield><mx:subfield code="9">3</mx:subfield><mx:subfield code="2">RERO</mx:subfield><mx:subfield code="2">LC</mx:subfield><mx:subfield code="2">BNE</mx:subfield></mx:datafield><mx:datafield tag="922" ind2=" " ind1=" "><mx:subfield code="a">NL</mx:subfield><mx:subfield code="9">2</mx:subfield><mx:subfield code="2">BNE</mx:subfield></mx:datafield><mx:datafield ind2=" " ind1=" " tag="943"><mx:subfield code="a">157.</mx:subfield><mx:subfield code="9">2</mx:subfield></mx:datafield><mx:datafield ind2=" " ind1=" " tag="943"><mx:subfield code="a">158.</mx:subfield><mx:subfield code="9">0</mx:subfield></mx:datafield><mx:datafield ind2=" " ind1=" " tag="943"><mx:subfield code="a">159.</mx:subfield><mx:subfield code="9">1</mx:subfield></mx:datafield><mx:datafield ind2=" " ind1=" " tag="943"><mx:subfield code="a">160.</mx:subfield><mx:subfield code="9">1</mx:subfield></mx:datafield><mx:datafield ind2=" " ind1=" " tag="943"><mx:subfield code="a">161.</mx:subfield><mx:subfield code="9">0</mx:subfield></mx:datafield><mx:datafield ind2=" " ind1=" " tag="943"><mx:subfield code="a">162.</mx:subfield><mx:subfield code="9">0</mx:subfield></mx:datafield><mx:datafield ind2=" " ind1=" " tag="943"><mx:subfield code="a">163.</mx:subfield><mx:subfield code="9">0</mx:subfield></mx:datafield><mx:datafield ind2=" " ind1=" " tag="943"><mx:subfield code="a">164.</mx:subfield><mx:subfield code="9">0</mx:subfield></mx:datafield><mx:datafield ind2=" " ind1=" " tag="943"><mx:subfield code="a">165.</mx:subfield><mx:subfield code="9">0</mx:subfield></mx:datafield><mx:datafield ind2=" " ind1=" " tag="943"><mx:subfield code="a">166.</mx:subfield><mx:subfield code="9">3</mx:subfield></mx:datafield><mx:datafield ind2=" " ind1=" " tag="943"><mx:subfield code="a">167.</mx:subfield><mx:subfield code="9">0</mx:subfield></mx:datafield><mx:datafield ind2=" " ind1=" " tag="943"><mx:subfield code="a">168.</mx:subfield><mx:subfield code="9">0</mx:subfield></mx:datafield><mx:datafield ind2=" " ind1=" " tag="943"><mx:subfield code="a">169.</mx:subfield><mx:subfield code="9">0</mx:subfield></mx:datafield><mx:datafield ind2=" " ind1=" " tag="943"><mx:subfield code="a">170.</mx:subfield><mx:subfield code="9">0</mx:subfield></mx:datafield><mx:datafield ind2=" " ind1=" " tag="943"><mx:subfield code="a">171.</mx:subfield><mx:subfield code="9">0</mx:subfield></mx:datafield><mx:datafield ind2=" " ind1=" " tag="943"><mx:subfield code="a">172.</mx:subfield><mx:subfield code="9">0</mx:subfield></mx:datafield><mx:datafield ind2=" " ind1=" " tag="943"><mx:subfield code="a">173.</mx:subfield><mx:subfield code="9">0</mx:subfield></mx:datafield><mx:datafield ind2=" " ind1=" " tag="943"><mx:subfield code="a">174.</mx:subfield><mx:subfield code="9">0</mx:subfield></mx:datafield><mx:datafield ind2=" " ind1=" " tag="943"><mx:subfield code="a">175.</mx:subfield><mx:subfield code="9">3</mx:subfield></mx:datafield><mx:datafield ind2=" " ind1=" " tag="943"><mx:subfield code="a">176.</mx:subfield><mx:subfield code="9">0</mx:subfield></mx:datafield><mx:datafield ind2=" " ind1=" " tag="943"><mx:subfield code="a">177.</mx:subfield><mx:subfield code="9">0</mx:subfield></mx:datafield><mx:datafield ind2=" " ind1=" " tag="943"><mx:subfield code="a">178.</mx:subfield><mx:subfield code="9">0</mx:subfield></mx:datafield><mx:datafield ind2=" " ind1=" " tag="943"><mx:subfield code="a">179.</mx:subfield><mx:subfield code="9">1</mx:subfield></mx:datafield><mx:datafield ind2=" " ind1=" " tag="943"><mx:subfield code="a">180.</mx:subfield><mx:subfield code="9">0</mx:subfield></mx:datafield><mx:datafield ind2=" " ind1=" " tag="943"><mx:subfield code="a">181.</mx:subfield><mx:subfield code="9">0</mx:subfield></mx:datafield><mx:datafield ind2=" " ind1=" " tag="943"><mx:subfield code="a">182.</mx:subfield><mx:subfield code="9">0</mx:subfield></mx:datafield><mx:datafield ind2=" " ind1=" " tag="943"><mx:subfield code="a">183.</mx:subfield><mx:subfield code="9">0</mx:subfield></mx:datafield><mx:datafield ind2=" " ind1=" " tag="943"><mx:subfield code="a">184.</mx:subfield><mx:subfield code="9">0</mx:subfield></mx:datafield><mx:datafield ind2=" " ind1=" " tag="943"><mx:subfield code="a">185.</mx:subfield><mx:subfield code="9">0</mx:subfield></mx:datafield><mx:datafield ind2=" " ind1=" " tag="943"><mx:subfield code="a">186.</mx:subfield><mx:subfield code="9">0</mx:subfield></mx:datafield><mx:datafield ind2=" " ind1=" " tag="943"><mx:subfield code="a">187.</mx:subfield><mx:subfield code="9">0</mx:subfield></mx:datafield><mx:datafield ind2=" " ind1=" " tag="943"><mx:subfield code="a">188.</mx:subfield><mx:subfield code="9">0</mx:subfield></mx:datafield><mx:datafield ind2=" " ind1=" " tag="943"><mx:subfield code="a">189.</mx:subfield><mx:subfield code="9">0</mx:subfield></mx:datafield><mx:datafield ind2=" " ind1=" " tag="943"><mx:subfield code="a">190.</mx:subfield><mx:subfield code="9">0</mx:subfield></mx:datafield><mx:datafield ind2=" " ind1=" " tag="943"><mx:subfield code="a">191.</mx:subfield><mx:subfield code="9">0</mx:subfield></mx:datafield><mx:datafield ind2=" " ind1=" " tag="943"><mx:subfield code="a">192.</mx:subfield><mx:subfield code="9">0</mx:subfield></mx:datafield><mx:datafield ind2=" " ind1=" " tag="943"><mx:subfield code="a">193.</mx:subfield><mx:subfield code="9">0</mx:subfield></mx:datafield><mx:datafield ind2=" " ind1=" " tag="943"><mx:subfield code="a">194.</mx:subfield><mx:subfield code="9">0</mx:subfield></mx:datafield><mx:datafield ind2=" " ind1=" " tag="943"><mx:subfield code="a">195.</mx:subfield><mx:subfield code="9">0</mx:subfield></mx:datafield><mx:datafield ind2=" " ind1=" " tag="943"><mx:subfield code="a">196.</mx:subfield><mx:subfield code="9">0</mx:subfield></mx:datafield><mx:datafield ind2=" " ind1=" " tag="943"><mx:subfield code="a">197.</mx:subfield><mx:subfield code="9">0</mx:subfield></mx:datafield><mx:datafield ind2=" " ind1=" " tag="943"><mx:subfield code="a">198.</mx:subfield><mx:subfield code="9">4</mx:subfield></mx:datafield><mx:datafield ind2=" " ind1=" " tag="970"><mx:subfield code="a">300</mx:subfield><mx:subfield code="b">0</mx:subfield><mx:subfield code="c">lived</mx:subfield></mx:datafield></mx:record>